@misc{website:standford,
    author    = {"Natalya F. Noy  and Deborah L. McGuinness"},
    title     = {"Ontology Development 101: A Guide to Creating Your First Ontology"},
    url  = {"http://protege.stanford.edu/publications/ontology_development/ontology101-noy-mcguinness.html"},
    %howpublished = "\url{http://protege.stanford.edu/publications/ontology_development/ontology101-noy-mcguinness.html}",
    %year     = "XXXX",
    %month    = "",
    %note     = "",
}
@misc{website:w3c,
    author    = {"W3C"},
    title     = {"ABOUT W3C"},
    url  = {"http://www.w3.org/Consortium/"},
}

@article{brewster,
    author  = {"Christopher Brewster, Harith Alani, Sriandan Dasmahapatra, Yorick Wilks"},
    title   = {"Data Driven Ontology Evaluation"},
    %year    = "1993",
    %journal = "TUGBoat",
    %volume  = "14",
    %number  = "3",
    %pages   = "342--351"
}

@article{yu,
    author  = {"Jonathan Yu, James A. Thom, Andrey Tam"},
    title   = {"Requirements-oriented methodology for evaluating ontologies"},
    year    = "2009",
    journal = "Information Systems",
    %volume  = "14",
    %number  = "3",
    %pages   = "342--351"
}

@misc{website:wikipediaontoclean,
    author    = {"Wikipedia"},
    title     = {"OntoClean"},
    url  = {"http://en.wikipedia.org/wiki/OntoClean"},
}

@book{database,
    author    = {"Abraham Silberschatz, Henry F. Korth, S. Sudarshan"},
    title     = {"Database, System Concepts"},
    year      = {"2006"},
    publisher = {"McGraw-Hill"},
    edition  = {"5"},
    %address   = "Reading, Massachusetts"
}

@misc{website:wikipediadataintegration,
    author    = {"Wikipedia"},
    title     = {"Data integration"},
    url  = {http://en.wikipedia.org/wiki/Data_integration},
}

@misc{website:wikipediasemanticweb,
    author    = {"Wikipedia"},
    title     = {"Semantic Web"},
    url  = {http://en.wikipedia.org/wiki/Semantic_Web},
}

@misc{website:wikipediaontology,
    author    = {"Wikipedia"},
    title     = {"Ontology"},
    url  = {http://en.wikipedia.org/wiki/Ontology_(information_science)},
}

@misc{website:whatontology,
    author    = {"Brice Dunwoodie"},
    title     = {"What is an Ontology? And Why We Need Them"},
    url  = {http://www.cmswire.com/cms/knowledge-management/what-is-an-ontology-and-why-we-need-them-001479.php},
}